%% This BibTeX bibliography file was created using BibDesk.
%% http://bibdesk.sourceforge.net/


%% Created for Juste Raimbault at 2015-09-21 11:49:52 +0200 


%% Saved with string encoding Occidental (ISO Latin 1) 



@article{2015arXiv150302373Y,
	Adsnote = {Provided by the SAO/NASA Astrophysics Data System},
	Adsurl = {http://adsabs.harvard.edu/abs/2015arXiv150302373Y},
	Archiveprefix = {arXiv},
	Author = {{Yan}, B. and {Luo}, J.},
	Date-Added = {2015-09-21 09:49:29 +0000},
	Date-Modified = {2015-09-21 09:49:29 +0000},
	Eprint = {1503.02373},
	Journal = {ArXiv e-prints},
	Keywords = {Computer Science - Social and Information Networks, Computer Science - Computers and Society, Computer Science - Digital Libraries, Physics - Physics and Society},
	Month = mar,
	Title = {{Measuring Technological Distance for Patent Mapping}},
	Year = 2015,
	Bdsk-File-1 = {YnBsaXN0MDDUAQIDBAUGJCVYJHZlcnNpb25YJG9iamVjdHNZJGFyY2hpdmVyVCR0b3ASAAGGoKgHCBMUFRYaIVUkbnVsbNMJCgsMDxJXTlMua2V5c1pOUy5vYmplY3RzViRjbGFzc6INDoACgAOiEBGABIAFgAdccmVsYXRpdmVQYXRoWWFsaWFzRGF0YV8QK0RvY3MvVGVjaG5vbG9naWNhbERpc3RhbmNlXzE1MDMuMDIzNzN2My5wZGbSFwsYGVdOUy5kYXRhTxECNgAAAAACNgACAAAMTWFjaW50b3NoIEhEAAAAAAAAAAAAAAAAAAAAykEGDEgrAAADLlHSH1RlY2hub2xvZ2ljYWxEaXN0YW4jMzNCQUJFOS5wZGYAAAAAAAAAAAAAAAAAAAAAAAAAAAAAAAAAAAAAAAAAAAM7q+nSJZ8oAAAAAAAAAAAAAQADAAAJIAAAAAAAAAAAAAAAAAAAAAREb2NzABAACAAAykDp7AAAABEACAAA0iWDCAAAAAEAHAMuUdIDLk2vAy5NrQCQwikABQIVAAUCFAAAvuwAAgByTWFjaW50b3NoIEhEOlVzZXJzOgBKdXN0ZToARG9jdW1lbnRzOgBDb21wbGV4U3lzdGVtczoAUGF0ZW50c01pbmluZzoAQmlibGlvOgBEb2NzOgBUZWNobm9sb2dpY2FsRGlzdGFuIzMzQkFCRTkucGRmAA4ATgAmAFQAZQBjAGgAbgBvAGwAbwBnAGkAYwBhAGwARABpAHMAdABhAG4AYwBlAF8AMQA1ADAAMwAuADAAMgAzADcAMwB2ADMALgBwAGQAZgAPABoADABNAGEAYwBpAG4AdABvAHMAaAAgAEgARAASAGVVc2Vycy9KdXN0ZS9Eb2N1bWVudHMvQ29tcGxleFN5c3RlbXMvUGF0ZW50c01pbmluZy9CaWJsaW8vRG9jcy9UZWNobm9sb2dpY2FsRGlzdGFuY2VfMTUwMy4wMjM3M3YzLnBkZgAAEwABLwAAFQACAAz//wAAgAbSGxwdHlokY2xhc3NuYW1lWCRjbGFzc2VzXU5TTXV0YWJsZURhdGGjHR8gVk5TRGF0YVhOU09iamVjdNIbHCIjXE5TRGljdGlvbmFyeaIiIF8QD05TS2V5ZWRBcmNoaXZlctEmJ1Ryb290gAEACAARABoAIwAtADIANwBAAEYATQBVAGAAZwBqAGwAbgBxAHMAdQB3AIQAjgC8AMEAyQMDAwUDCgMVAx4DLAMwAzcDQANFA1IDVQNnA2oDbwAAAAAAAAIBAAAAAAAAACgAAAAAAAAAAAAAAAAAAANx}}

@article{chavalarias2013phylomemetic,
	Abstract = {We introduce an automated method for the bottom-up reconstruction of the cognitive evolution of science, based on big-data issued from digital libraries, and modeled as lineage relationships between scientific fields. We refer to these dynamic structures as phylomemetic networks or phylomemies, by analogy with biological evolution; and we show that they exhibit strong regularities, with clearly identifiable phylomemetic patterns. Some structural properties of the scientific fields - in particular their density -, which are defined independently of the phylomemy reconstruction, are clearly correlated with their status and their fate in the phylomemy (like their age or their short term survival). Within the framework of a quantitative epistemology, this approach raises the question of predictibility for science evolution, and sketches a prototypical life cycle of the scientific fields: an increase of their cohesion after their emergence, the renewal of their conceptual background through branching or merging events, before decaying when their density is getting too low.},
	Author = {Chavalarias, David and Cointet, Jean-Philippe},
	Date-Added = {2015-09-19 19:47:07 +0000},
	Date-Modified = {2015-09-19 19:47:07 +0000},
	Journal = {Plos One},
	Number = {2},
	Pages = {e54847},
	Publisher = {Public Library of Science},
	Title = {Phylomemetic patterns in science evolution---the rise and fall of scientific fields},
	Volume = {8},
	Year = {2013},
	Bdsk-File-1 = {YnBsaXN0MDDUAQIDBAUGJCVYJHZlcnNpb25YJG9iamVjdHNZJGFyY2hpdmVyVCR0b3ASAAGGoKgHCBMUFRYaIVUkbnVsbNMJCgsMDxJXTlMua2V5c1pOUy5vYmplY3RzViRjbGFzc6INDoACgAOiEBGABIAFgAdccmVsYXRpdmVQYXRoWWFsaWFzRGF0YV8QVy4uLy4uL0NpdHlOZXR3b3JrL0JpYmxpby9Eb2NzL1Jldmlldy9DaGF2YUNvaW50ZXRfUGh5bG9tZW1ldGljX2pvdXJuYWwucG9uZS4wMDU0ODQ3LnBkZtIXCxgZV05TLmRhdGFPEQJqAAAAAAJqAAIAAAxNYWNpbnRvc2ggSEQAAAAAAAAAAAAAAAAAAADKQQYMSCsAAAIxeB8fQ2hhdmFDb2ludGV0X1BoeWxvbSMyMzE3ODIwLnBkZgAAAAAAAAAAAAAAAAAAAAAAAAAAAAAAAAAAAAAAAAAAAjF4INEiwUwAAAAAAAAAAAACAAUAAAkgAAAAAAAAAAAAAAAAAAAABlJldmlldwAQAAgAAMpA6ewAAAARAAgAANEiszwAAAABACACMXgfAjF32QIh+RkCIfkQAJDCKQAFAhUABQIUAAC+7AACAHhNYWNpbnRvc2ggSEQ6VXNlcnM6AEp1c3RlOgBEb2N1bWVudHM6AENvbXBsZXhTeXN0ZW1zOgBDaXR5TmV0d29yazoAQmlibGlvOgBEb2NzOgBSZXZpZXc6AENoYXZhQ29pbnRldF9QaHlsb20jMjMxNzgyMC5wZGYADgBmADIAQwBoAGEAdgBhAEMAbwBpAG4AdABlAHQAXwBQAGgAeQBsAG8AbQBlAG0AZQB0AGkAYwBfAGoAbwB1AHIAbgBhAGwALgBwAG8AbgBlAC4AMAAwADUANAA4ADQANwAuAHAAZABmAA8AGgAMAE0AYQBjAGkAbgB0AG8AcwBoACAASABEABIAdlVzZXJzL0p1c3RlL0RvY3VtZW50cy9Db21wbGV4U3lzdGVtcy9DaXR5TmV0d29yay9CaWJsaW8vRG9jcy9SZXZpZXcvQ2hhdmFDb2ludGV0X1BoeWxvbWVtZXRpY19qb3VybmFsLnBvbmUuMDA1NDg0Ny5wZGYAEwABLwAAFQACAAz//wAAgAbSGxwdHlokY2xhc3NuYW1lWCRjbGFzc2VzXU5TTXV0YWJsZURhdGGjHR8gVk5TRGF0YVhOU09iamVjdNIbHCIjXE5TRGljdGlvbmFyeaIiIF8QD05TS2V5ZWRBcmNoaXZlctEmJ1Ryb290gAEACAARABoAIwAtADIANwBAAEYATQBVAGAAZwBqAGwAbgBxAHMAdQB3AIQAjgDoAO0A9QNjA2UDagN1A34DjAOQA5cDoAOlA7IDtQPHA8oDzwAAAAAAAAIBAAAAAAAAACgAAAAAAAAAAAAAAAAAAAPR},
	Bdsk-File-2 = {YnBsaXN0MDDUAQIDBAUGJCVYJHZlcnNpb25YJG9iamVjdHNZJGFyY2hpdmVyVCR0b3ASAAGGoKgHCBMUFRYaIVUkbnVsbNMJCgsMDxJXTlMua2V5c1pOUy5vYmplY3RzViRjbGFzc6INDoACgAOiEBGABIAFgAdccmVsYXRpdmVQYXRoWWFsaWFzRGF0YV8QTy4uLy4uL0NpdHlOZXR3b3JrL0JpYmxpby9Eb2NzL1Jldmlldy9DaGF2YUNvaW50ZXRfU3VwcG9ydGluZ19JbmZvcm1hdGlvbl9TMS5wZGbSFwsYGVdOUy5kYXRhTxECUgAAAAACUgACAAAMTWFjaW50b3NoIEhEAAAAAAAAAAAAAAAAAAAAykEGDEgrAAACMXgfH0NoYXZhQ29pbnRldF9TdXBwb3IjMjMxNzgyMS5wZGYAAAAAAAAAAAAAAAAAAAAAAAAAAAAAAAAAAAAAAAAAAAIxeCHRIsFMAAAAAAAAAAAAAgAFAAAJIAAAAAAAAAAAAAAAAAAAAAZSZXZpZXcAEAAIAADKQOnsAAAAEQAIAADRIrM8AAAAAQAgAjF4HwIxd9kCIfkZAiH5EACQwikABQIVAAUCFAAAvuwAAgB4TWFjaW50b3NoIEhEOlVzZXJzOgBKdXN0ZToARG9jdW1lbnRzOgBDb21wbGV4U3lzdGVtczoAQ2l0eU5ldHdvcms6AEJpYmxpbzoARG9jczoAUmV2aWV3OgBDaGF2YUNvaW50ZXRfU3VwcG9yIzIzMTc4MjEucGRmAA4AVgAqAEMAaABhAHYAYQBDAG8AaQBuAHQAZQB0AF8AUwB1AHAAcABvAHIAdABpAG4AZwBfAEkAbgBmAG8AcgBtAGEAdABpAG8AbgBfAFMAMQAuAHAAZABmAA8AGgAMAE0AYQBjAGkAbgB0AG8AcwBoACAASABEABIAblVzZXJzL0p1c3RlL0RvY3VtZW50cy9Db21wbGV4U3lzdGVtcy9DaXR5TmV0d29yay9CaWJsaW8vRG9jcy9SZXZpZXcvQ2hhdmFDb2ludGV0X1N1cHBvcnRpbmdfSW5mb3JtYXRpb25fUzEucGRmABMAAS8AABUAAgAM//8AAIAG0hscHR5aJGNsYXNzbmFtZVgkY2xhc3Nlc11OU011dGFibGVEYXRhox0fIFZOU0RhdGFYTlNPYmplY3TSGxwiI1xOU0RpY3Rpb25hcnmiIiBfEA9OU0tleWVkQXJjaGl2ZXLRJidUcm9vdIABAAgAEQAaACMALQAyADcAQABGAE0AVQBgAGcAagBsAG4AcQBzAHUAdwCEAI4A4ADlAO0DQwNFA0oDVQNeA2wDcAN3A4ADhQOSA5UDpwOqA68AAAAAAAACAQAAAAAAAAAoAAAAAAAAAAAAAAAAAAADsQ==}}

@inproceedings{li2007automatic,
	Author = {Li, Xin and Chen, Hsinchun and Zhang, Zhu and Li, Jiexun},
	Booktitle = {Proceedings of the 7th ACM/IEEE-CS joint conference on Digital libraries},
	Date-Added = {2015-09-15 11:19:52 +0000},
	Date-Modified = {2015-09-15 11:19:52 +0000},
	Organization = {ACM},
	Pages = {419--427},
	Title = {Automatic patent classification using citation network information: an experimental study in nanotechnology},
	Year = {2007}}

@article{shibata2008detecting,
	Author = {Shibata, Naoki and Kajikawa, Yuya and Takeda, Yoshiyuki and Matsushima, Katsumori},
	Date-Added = {2015-09-15 10:42:19 +0000},
	Date-Modified = {2015-09-15 10:42:19 +0000},
	Journal = {Technovation},
	Number = {11},
	Pages = {758--775},
	Publisher = {Elsevier},
	Title = {Detecting emerging research fronts based on topological measures in citation networks of scientific publications},
	Volume = {28},
	Year = {2008},
	Bdsk-File-1 = {YnBsaXN0MDDUAQIDBAUGJCVYJHZlcnNpb25YJG9iamVjdHNZJGFyY2hpdmVyVCR0b3ASAAGGoKgHCBMUFRYaIVUkbnVsbNMJCgsMDxJXTlMua2V5c1pOUy5vYmplY3RzViRjbGFzc6INDoACgAOiEBGABIAFgAdccmVsYXRpdmVQYXRoWWFsaWFzRGF0YV8QNkRvY3MvUGFwZXJDbHVzdGVyaW5nXzEtczIuMC1TMDE2NjQ5NzIwODAwMDQzNi1tYWluLnBkZtIXCxgZV05TLmRhdGFPEQJWAAAAAAJWAAIAAAxNYWNpbnRvc2ggSEQAAAAAAAAAAAAAAAAAAADKQQYMSCsAAAMuUdIfUGFwZXJDbHVzdGVyaW5nXzEtcyMzMkU1NzY2LnBkZgAAAAAAAAAAAAAAAAAAAAAAAAAAAAAAAAAAAAAAAAAAAy5XZtIdwncAAAAAAAAAAAABAAMAAAkgAAAAAAAAAAAAAAAAAAAABERvY3MAEAAIAADKQOnsAAAAEQAIAADSHaZXAAAAAQAcAy5R0gMuTa8DLk2tAJDCKQAFAhUABQIUAAC+7AACAHJNYWNpbnRvc2ggSEQ6VXNlcnM6AEp1c3RlOgBEb2N1bWVudHM6AENvbXBsZXhTeXN0ZW1zOgBQYXRlbnRzTWluaW5nOgBCaWJsaW86AERvY3M6AFBhcGVyQ2x1c3RlcmluZ18xLXMjMzJFNTc2Ni5wZGYADgBkADEAUABhAHAAZQByAEMAbAB1AHMAdABlAHIAaQBuAGcAXwAxAC0AcwAyAC4AMAAtAFMAMAAxADYANgA0ADkANwAyADAAOAAwADAAMAA0ADMANgAtAG0AYQBpAG4ALgBwAGQAZgAPABoADABNAGEAYwBpAG4AdABvAHMAaAAgAEgARAASAHBVc2Vycy9KdXN0ZS9Eb2N1bWVudHMvQ29tcGxleFN5c3RlbXMvUGF0ZW50c01pbmluZy9CaWJsaW8vRG9jcy9QYXBlckNsdXN0ZXJpbmdfMS1zMi4wLVMwMTY2NDk3MjA4MDAwNDM2LW1haW4ucGRmABMAAS8AABUAAgAM//8AAIAG0hscHR5aJGNsYXNzbmFtZVgkY2xhc3Nlc11OU011dGFibGVEYXRhox0fIFZOU0RhdGFYTlNPYmplY3TSGxwiI1xOU0RpY3Rpb25hcnmiIiBfEA9OU0tleWVkQXJjaGl2ZXLRJidUcm9vdIABAAgAEQAaACMALQAyADcAQABGAE0AVQBgAGcAagBsAG4AcQBzAHUAdwCEAI4AxwDMANQDLgMwAzUDQANJA1cDWwNiA2sDcAN9A4ADkgOVA5oAAAAAAAACAQAAAAAAAAAoAAAAAAAAAAAAAAAAAAADnA==}}

@article{valverde2007topology,
	Author = {Valverde, Sergi and Sol{\'e}, Ricard V and Bedau, Mark A and Packard, Norman},
	Date-Added = {2015-09-15 10:34:01 +0000},
	Date-Modified = {2015-09-15 10:34:01 +0000},
	Journal = {Physical Review E},
	Number = {5},
	Pages = {056118},
	Publisher = {APS},
	Title = {Topology and evolution of technology innovation networks},
	Volume = {76},
	Year = {2007},
	Bdsk-File-1 = {YnBsaXN0MDDUAQIDBAUGJCVYJHZlcnNpb25YJG9iamVjdHNZJGFyY2hpdmVyVCR0b3ASAAGGoKgHCBMUFRYaIVUkbnVsbNMJCgsMDxJXTlMua2V5c1pOUy5vYmplY3RzViRjbGFzc6INDoACgAOiEBGABIAFgAdccmVsYXRpdmVQYXRoWWFsaWFzRGF0YV8QIERvY3MvQ2l0YXRpb25OZXR3b3JrXzA2MTIwMzAucGRm0hcLGBlXTlMuZGF0YU8RAhAAAAAAAhAAAgAADE1hY2ludG9zaCBIRAAAAAAAAAAAAAAAAAAAAMpBBgxIKwAAAy5R0htDaXRhdGlvbk5ldHdvcmtfMDYxMjAzMC5wZGYAAAAAAAAAAAAAAAAAAAAAAAAAAAAAAAAAAAAAAAAAAAAAAAADLlHQ0h3ASQAAAAAAAAAAAAEAAwAACSAAAAAAAAAAAAAAAAAAAAAERG9jcwAQAAgAAMpA6ewAAAARAAgAANIdpCkAAAABABwDLlHSAy5NrwMuTa0AkMIpAAUCFQAFAhQAAL7sAAIAbk1hY2ludG9zaCBIRDpVc2VyczoASnVzdGU6AERvY3VtZW50czoAQ29tcGxleFN5c3RlbXM6AFBhdGVudHNNaW5pbmc6AEJpYmxpbzoARG9jczoAQ2l0YXRpb25OZXR3b3JrXzA2MTIwMzAucGRmAA4AOAAbAEMAaQB0AGEAdABpAG8AbgBOAGUAdAB3AG8AcgBrAF8AMAA2ADEAMgAwADMAMAAuAHAAZABmAA8AGgAMAE0AYQBjAGkAbgB0AG8AcwBoACAASABEABIAWlVzZXJzL0p1c3RlL0RvY3VtZW50cy9Db21wbGV4U3lzdGVtcy9QYXRlbnRzTWluaW5nL0JpYmxpby9Eb2NzL0NpdGF0aW9uTmV0d29ya18wNjEyMDMwLnBkZgATAAEvAAAVAAIADP//AACABtIbHB0eWiRjbGFzc25hbWVYJGNsYXNzZXNdTlNNdXRhYmxlRGF0YaMdHyBWTlNEYXRhWE5TT2JqZWN00hscIiNcTlNEaWN0aW9uYXJ5oiIgXxAPTlNLZXllZEFyY2hpdmVy0SYnVHJvb3SAAQAIABEAGgAjAC0AMgA3AEAARgBNAFUAYABnAGoAbABuAHEAcwB1AHcAhACOALEAtgC+AtIC1ALZAuQC7QL7Av8DBgMPAxQDIQMkAzYDOQM+AAAAAAAAAgEAAAAAAAAAKAAAAAAAAAAAAAAAAAAAA0A=}}

@article{Morescalchi2015651,
	Abstract = {Abstract Recent studies on the geography of knowledge networks have documented a negative impact of physical distance and institutional borders upon research and development (R&amp;D) collaborations. Though it is widely recognized that geographic constraints and national borders impede the diffusion of knowledge, less attention has been devoted to the temporal evolution of these constraints. In this study we use data on patents filed with the European Patent Office (EPO) for \{OECD\} countries to analyze the impact of physical distance and country borders on inter-regional links in four different networks over the period 1988--2009: (1) co-inventorship, (2) patent citations, (3) inventor mobility and (4) the location of R&amp;D laboratories. We find the constraint imposed by country borders and distance decreased until mid-1990s then started to grow, particularly for distance. The intensity of European cross-country inventor collaborations increased at a higher pace than their non-European counterparts until 2004, with no significant relative progress thereafter. For geographical networks of mobility, R&amp;D activities and patent citations we cannot detect any substantial progress in European research integration above and beyond the common global trend. },
	Author = {Andrea Morescalchi and Fabio Pammolli and Orion Penner and Alexander M. Petersen and Massimo Riccaboni},
	Date-Added = {2015-09-15 10:25:05 +0000},
	Date-Modified = {2015-09-15 10:25:05 +0000},
	Doi = {http://dx.doi.org/10.1016/j.respol.2014.10.015},
	Issn = {0048-7333},
	Journal = {Research Policy},
	Keywords = {Gravity model},
	Number = {3},
	Pages = {651 - 668},
	Title = {The evolution of networks of innovators within and across borders: Evidence from patent data},
	Url = {http://www.sciencedirect.com/science/article/pii/S0048733314001905},
	Volume = {44},
	Year = {2015},
	Bdsk-File-1 = {YnBsaXN0MDDUAQIDBAUGJCVYJHZlcnNpb25YJG9iamVjdHNZJGFyY2hpdmVyVCR0b3ASAAGGoKgHCBMUFRYaIVUkbnVsbNMJCgsMDxJXTlMua2V5c1pOUy5vYmplY3RzViRjbGFzc6INDoACgAOiEBGABIAFgAdccmVsYXRpdmVQYXRoWWFsaWFzRGF0YV8QRi4uLy4uL0NvbmZlcmVuY2VzL0lDQ1NTMjAxNS9CaWJsaW8vRG9jcy9QYXRlbnRNaW5pbmcvRUlDX1dQXzFfMjAxNC5wZGbSFwsYGVdOUy5kYXRhTxECJgAAAAACJgACAAAMTWFjaW50b3NoIEhEAAAAAAAAAAAAAAAAAAAAykEGDEgrAAACj8FJEUVJQ19XUF8xXzIwMTQucGRmAAAAAAAAAAAAAAAAAAAAAAAAAAAAAAAAAAAAAAAAAAAAAAAAAAAAAAAAAAAAAAKPwUTRn5G/AAAAAAAAAAAAAgAGAAAJIAAAAAAAAAAAAAAAAAAAAAxQYXRlbnRNaW5pbmcAEAAIAADKQOnsAAAAEQAIAADRn3WfAAAAAQAkAo/BSQKNPJsCjTyZAgRr3wJhUb0AkMIpAAUCFQAFAhQAAL7sAAIAe01hY2ludG9zaCBIRDpVc2VyczoASnVzdGU6AERvY3VtZW50czoAQ29tcGxleFN5c3RlbXM6AENvbmZlcmVuY2VzOgBJQ0NTUzIwMTU6AEJpYmxpbzoARG9jczoAUGF0ZW50TWluaW5nOgBFSUNfV1BfMV8yMDE0LnBkZgAADgAkABEARQBJAEMAXwBXAFAAXwAxAF8AMgAwADEANAAuAHAAZABmAA8AGgAMAE0AYQBjAGkAbgB0AG8AcwBoACAASABEABIAZVVzZXJzL0p1c3RlL0RvY3VtZW50cy9Db21wbGV4U3lzdGVtcy9Db25mZXJlbmNlcy9JQ0NTUzIwMTUvQmlibGlvL0RvY3MvUGF0ZW50TWluaW5nL0VJQ19XUF8xXzIwMTQucGRmAAATAAEvAAAVAAIADP//AACABtIbHB0eWiRjbGFzc25hbWVYJGNsYXNzZXNdTlNNdXRhYmxlRGF0YaMdHyBWTlNEYXRhWE5TT2JqZWN00hscIiNcTlNEaWN0aW9uYXJ5oiIgXxAPTlNLZXllZEFyY2hpdmVy0SYnVHJvb3SAAQAIABEAGgAjAC0AMgA3AEAARgBNAFUAYABnAGoAbABuAHEAcwB1AHcAhACOANcA3ADkAw4DEAMVAyADKQM3AzsDQgNLA1ADXQNgA3IDdQN6AAAAAAAAAgEAAAAAAAAAKAAAAAAAAAAAAAAAAAAAA3w=},
	Bdsk-Url-1 = {http://www.sciencedirect.com/science/article/pii/S0048733314001905},
	Bdsk-Url-2 = {http://dx.doi.org/10.1016/j.respol.2014.10.015}}

@article{Youn:2015fk,
	Abstract = {Invention has been commonly conceptualized as a search over a space of combinatorial possibilities. Despite the existence of a rich literature, spanning a variety of disciplines, elaborating on the recombinant nature of invention, we lack a formal and quantitative characterization of the combinatorial process underpinning inventive activity. Here, we use US patent records dating from 1790 to 2010 to formally characterize invention as a combinatorial process. To do this, we treat patented inventions as carriers of technologies and avail ourselves of the elaborate system of technology codes used by the United States Patent and Trademark Office to classify the technologies responsible for an invention{\textquoteright}s novelty. We find that the combinatorial inventive process exhibits an invariant rate of {\textquoteleft}exploitation{\textquoteright} (refinements of existing combinations of technologies) and {\textquoteleft}exploration{\textquoteright} (the development of new technological combinations). This combinatorial dynamic contrasts sharply with the creation of new technological capabilities{\textemdash}the building blocks to be combined{\textemdash}that has significantly slowed down. We also find that, notwithstanding the very reduced rate at which new technologies are introduced, the generation of novel technological combinations engenders a practically infinite space of technological configurations.},
	Author = {Youn, Hyejin and Strumsky, Deborah and Bettencourt, Luis M. A. and Lobo, Jos{\'e}},
	Date-Added = {2015-09-15 10:25:05 +0000},
	Date-Modified = {2015-09-15 10:25:05 +0000},
	Doi = {10.1098/rsif.2015.0272},
	Isbn = {1742-5662},
	Issn = {1742-5689},
	Journal = {Journal of The Royal Society Interface},
	Number = {106},
	Publisher = {The Royal Society},
	Title = {Invention as a combinatorial process: evidence from US patents},
	Volume = {12},
	Year = {2015},
	Bdsk-File-1 = {YnBsaXN0MDDUAQIDBAUGJCVYJHZlcnNpb25YJG9iamVjdHNZJGFyY2hpdmVyVCR0b3ASAAGGoKgHCBMUFRYaIVUkbnVsbNMJCgsMDxJXTlMua2V5c1pOUy5vYmplY3RzViRjbGFzc6INDoACgAOiEBGABIAFgAdccmVsYXRpdmVQYXRoWWFsaWFzRGF0YV8QYi4uLy4uL0NvbmZlcmVuY2VzL0lDQ1NTMjAxNS9CaWJsaW8vRG9jcy9QYXRlbnRNaW5pbmcvSW52ZW50aW9uQ29tYmluYXRvcnlQcm9jZXNzXzIwMTUwMjcyLmZ1bGwucGRm0hcLGBlXTlMuZGF0YU8RAogAAAAAAogAAgAADE1hY2ludG9zaCBIRAAAAAAAAAAAAAAAAAAAAMpBBgxIKwAAAo/BSR9JbnZlbnRpb25Db21iaW5hdG9yIzI4RkQwODAucGRmAAAAAAAAAAAAAAAAAAAAAAAAAAAAAAAAAAAAAAAAAAACj9CA0Z+XsgAAAAAAAAAAAAIABgAACSAAAAAAAAAAAAAAAAAAAAAMUGF0ZW50TWluaW5nABAACAAAykDp7AAAABEACAAA0Z97kgAAAAEAJAKPwUkCjTybAo08mQIEa98CYVG9AJDCKQAFAhUABQIUAAC+7AACAIlNYWNpbnRvc2ggSEQ6VXNlcnM6AEp1c3RlOgBEb2N1bWVudHM6AENvbXBsZXhTeXN0ZW1zOgBDb25mZXJlbmNlczoASUNDU1MyMDE1OgBCaWJsaW86AERvY3M6AFBhdGVudE1pbmluZzoASW52ZW50aW9uQ29tYmluYXRvciMyOEZEMDgwLnBkZgAADgBcAC0ASQBuAHYAZQBuAHQAaQBvAG4AQwBvAG0AYgBpAG4AYQB0AG8AcgB5AFAAcgBvAGMAZQBzAHMAXwAyADAAMQA1ADAAMgA3ADIALgBmAHUAbABsAC4AcABkAGYADwAaAAwATQBhAGMAaQBuAHQAbwBzAGgAIABIAEQAEgCBVXNlcnMvSnVzdGUvRG9jdW1lbnRzL0NvbXBsZXhTeXN0ZW1zL0NvbmZlcmVuY2VzL0lDQ1NTMjAxNS9CaWJsaW8vRG9jcy9QYXRlbnRNaW5pbmcvSW52ZW50aW9uQ29tYmluYXRvcnlQcm9jZXNzXzIwMTUwMjcyLmZ1bGwucGRmAAATAAEvAAAVAAIADP//AACABtIbHB0eWiRjbGFzc25hbWVYJGNsYXNzZXNdTlNNdXRhYmxlRGF0YaMdHyBWTlNEYXRhWE5TT2JqZWN00hscIiNcTlNEaWN0aW9uYXJ5oiIgXxAPTlNLZXllZEFyY2hpdmVy0SYnVHJvb3SAAQAIABEAGgAjAC0AMgA3AEAARgBNAFUAYABnAGoAbABuAHEAcwB1AHcAhACOAPMA+AEAA4wDjgOTA54DpwO1A7kDwAPJA84D2wPeA/AD8wP4AAAAAAAAAgEAAAAAAAAAKAAAAAAAAAAAAAAAAAAAA/o=},
	Bdsk-Url-1 = {http://dx.doi.org/10.1098/rsif.2015.0272}}
